<?xml version="1.0" encoding="UTF-8"?>
<record xmlns="http://www.loc.gov/MARC21/slim">
   <leader>05767cam a2200541 a 4500</leader>
   <controlfield tag="001">2843736</controlfield>
   <controlfield tag="003">NjP</controlfield>
   <controlfield tag="005">20190705145025.0</controlfield>
   <controlfield tag="008">000309q18921899mr            000 0 ara d</controlfield>
   <datafield tag="024" ind1="7" ind2=" ">
      <subfield code="a">princeton_aco004848</subfield>
      <subfield code="2">local</subfield>
   </datafield>
   <datafield ind1=" " ind2=" " tag="035">
      <subfield code="9">CNS7498TS</subfield>
   </datafield>
   <datafield ind1=" " ind2=" " tag="035">
      <subfield code="a">(NjP)2843736</subfield>
   </datafield>
   <datafield ind1=" " ind2=" " tag="040">
      <subfield code="a">NjP</subfield>
      <subfield code="c">PUL</subfield>
      <subfield code="d">PUL</subfield>
   </datafield>
   <datafield ind1=" " ind2=" " tag="049">
      <subfield code="a">PULL</subfield>
   </datafield>
   <datafield ind1=" " ind2=" " tag="035">
      <subfield code="a">(OCoLC)ocm78560710</subfield>
   </datafield>
   <datafield ind1="0" ind2="0" tag="245">
      <subfield code="6">880-01</subfield>
      <subfield code="a">Hādhā al-Qaṣīdah al-Baghdādīyah fī madḥ ashraf al-barrīyah /</subfield>
      <subfield code="c">lil-Shaykh Muḥammad ibn Rushd al-Baghdādī. Qāla al-Shaykh al-Imām al-ʻālim al-ʻallāmah al-humām Abū ʻAbd Allāh Sayyidī Muḥammad ibn Saʻīd ibn Ḥammād al-Būṣīrī [Kawkab al-durrīyah fī madḥ al-Muṣṭafá]. Qāla al-Shaykh al-Imām al-ʻālim al-ʻallāmah ... Muḥammad ibn Saʻīd ibn Ḥammād al-Būṣīrī [al-Hamzīyah wa-al-Burdah] ...</subfield>
   </datafield>
   <datafield ind1=" " ind2=" " tag="260">
      <subfield code="a">[Morocco :</subfield>
      <subfield code="b">s.n.,</subfield>
      <subfield code="c">189-]</subfield>
   </datafield>
   <datafield ind1=" " ind2=" " tag="300">
      <subfield code="a">1 v. (various pagings) ;</subfield>
      <subfield code="c">22 cm.</subfield>
   </datafield>
   <datafield ind1=" " ind2=" " tag="500">
      <subfield code="6">880-02</subfield>
      <subfield code="a">Also contains: Hādhā al-Taqyīd al-mubārak al-faqīh al-ʻallāmah al-mushārik ... al-Tihāmī ibn al-Madanī ibn ʻAlī Jannūn. Hidāyat al-muḥibbīn ilá dhikr mawlid Sayyid al-Mursalīn / Muḥammad al-Tihāmī ibn al-Madanī ibn ʻAlī Gannūn.</subfield>
   </datafield>
   <datafield ind1=" " ind2=" " tag="500">
      <subfield code="6">880-03</subfield>
      <subfield code="a">Also contains: Hādhihi Arbaʻūn ḥadīth fī faḍl al-ṣalāh ʻalá al-Nabī, ṣallá Allāh ʻalayhi wa-sallam / jamaʻahā Abū ʻAbd Allāh Muḥammad al-Tihāmī ibn al-Madanī ibn Jannūn. Wa-la-hu ayḍan ... Arbaʻūn ḥadīth fī faḍl yawm al-Jumʻah. Wa-la-hu ayḍan [Arbaʻūn ḥadīth fī al-zakāh]. Wa-la-hu ayḍan ... Arbaʻūn ḥadīth fī faḍl ḥajj Bayt Allāh al-Ḥarām.</subfield>
   </datafield>
   <datafield ind1=" " ind2=" " tag="500">
      <subfield code="6">880-04</subfield>
      <subfield code="a">Also contains: Naṣīḥat al-muʼmin al-rashīd fī al-ḥaḍḍ ʻalá taʻallum ʻaqāʼid al-tawḥīd / al-Tihāmī ibn al-Madanī ibn ʻAlī Kannūn. Wa-la-hu ayḍan ... Arbaʻūn ḥadīth fī faḍl Lā ilāh illā Allāh. Qāla al-Shaykh al-Imām al-ʻallāmah al-humām al-walī al-ṣāliḥ Sayyidī Muḥammad ibn Yūsuf ibn ʻAmr ibn Shuʻayb al-Sanūsī al-Ḥasanī [al-ʻAqīdah al-ṣughrá].</subfield>
   </datafield>
   <datafield ind1=" " ind2=" " tag="500">
      <subfield code="a">No collective t.p.; titles transcribed from individual title pages.</subfield>
   </datafield>
   <datafield ind1=" " ind2="0" tag="650">
      <subfield code="a">Islamic poetry, Arabic.</subfield>
      <subfield code="0">http://id.loc.gov/authorities/subjects/sh85068469</subfield>
   </datafield>
   <datafield ind1=" " ind2="0" tag="650">
      <subfield code="a">Hadith.</subfield>
   </datafield>
   <datafield ind1=" " ind2="0" tag="650">
      <subfield code="a">Islam</subfield>
      <subfield code="x">Doctrines.</subfield>
      <subfield code="0">http://id.loc.gov/authorities/subjects/sh85068396</subfield>
   </datafield>
   <datafield ind1="0" ind2="0" tag="600">
      <subfield code="a">Muḥammad,</subfield>
      <subfield code="c">Prophet,</subfield>
      <subfield code="d">d. 632</subfield>
      <subfield code="v">Poetry.</subfield>
   </datafield>
   <datafield ind1=" " ind2="7" tag="655">
      <subfield code="a">Lithographs</subfield>
      <subfield code="z">Morocco</subfield>
      <subfield code="2">gmgpc</subfield>
   </datafield>
   <datafield ind1="1" ind2="2" tag="700">
      <subfield code="6">880-05</subfield>
      <subfield code="a">Witrī, Muḥammad ibn Rashīd,</subfield>
      <subfield code="d">-1263 or 1264.</subfield>
      <subfield code="t">Qaṣīdah fī madḥ ashraf al-barrīyah.</subfield>
      <subfield code="0">http://id.loc.gov/authorities/names/nr94040446</subfield>
   </datafield>
   <datafield ind1="1" ind2="2" tag="700">
      <subfield code="6">880-06</subfield>
      <subfield code="a">Būṣīrī, Sharaf al-Dīn Muḥammad ibn Saʻīd,</subfield>
      <subfield code="d">1213?-1296?</subfield>
      <subfield code="t">Selections.</subfield>
      <subfield code="f">1890.</subfield>
      <subfield code="0">http://id.loc.gov/authorities/names/n82047089</subfield>
   </datafield>
   <datafield ind1="1" ind2="2" tag="700">
      <subfield code="6">880-07</subfield>
      <subfield code="a">Gannūn, Muḥammad al-Tihāmī.</subfield>
      <subfield code="t">Selections.</subfield>
      <subfield code="f">1890.</subfield>
   </datafield>
   <datafield ind1="1" ind2="2" tag="700">
      <subfield code="6">880-08</subfield>
      <subfield code="a">Sanūsī, Muḥammad ibn Yūsuf,</subfield>
      <subfield code="d">approximately 1427-approximately 1490.</subfield>
      <subfield code="t">ʻAqīdah al-ṣughrá.</subfield>
      <subfield code="0">http://id.loc.gov/authorities/names/n84016675</subfield>
   </datafield>
   <datafield ind1="0" ind2=" " tag="740">
      <subfield code="6">880-09</subfield>
      <subfield code="a">Qaṣīdah fī madḥ ashraf al-barrīyah.</subfield>
   </datafield>
   <datafield ind1="0" ind2=" " tag="740">
      <subfield code="6">880-10</subfield>
      <subfield code="a">ʻAqīdah al-ṣughrá.</subfield>
   </datafield>
   <datafield ind1="0" ind2="0" tag="880">
      <subfield code="6">245-01/r</subfield>
      <subfield code="a">هذا القصيدة البغدادية في مدح اشرف البرية /</subfield>
      <subfield code="c">للشيخ محمد بن رشد البغدادي. قال الشيخ الامام العالم العلامة الهمام ابو عبد الله سيدي محمد بن سعيد بن حماد البوصيري [كوكب الدرية في مدح المصطفى]. قال الشيخ الامام العالم العلامة ... محمد بن سعيد بن حماد البوصيري [الهمزية والبردة] ...</subfield>
   </datafield>
   <datafield ind1=" " ind2=" " tag="880">
      <subfield code="6">500-02/r</subfield>
      <subfield code="a">Also contains: هذا التقييد المبارك الفقيه العلامة المشارك ... التهامي بن المدني بن علي جنون. هداية المحبين الى ذكر مولد سيد المرسلين / محمد التهامي بن المدني بن علي گنون.</subfield>
   </datafield>
   <datafield ind1=" " ind2=" " tag="880">
      <subfield code="6">500-03/r</subfield>
      <subfield code="a">Also contains: هاذه اربعون حديث في فضل الصلاة على النبي، صلى الله عليه وسلم / جمعها ابو عبد الله محمد التهامي بن المدني بن جنون. وله ايضن ... اربعون حديث في فضل يوم الجمعة. وله ايضن [اربعون حديث في الزكاه]. وله ايضن ... اربعون حديث في فضل حج بيت الله الحرام.</subfield>
   </datafield>
   <datafield ind1=" " ind2=" " tag="880">
      <subfield code="6">500-04/r</subfield>
      <subfield code="a">Also contains: نصيحة المؤمن الرشيد في الحض على تعلم عقائد التوحيد / التهامي بن المدني بن علي كنون. وله ايضن ... اربعون حديث في فضل لا الاه اللا الله. قال الشيخ الامام العلامة الهمام الولي الصالح سيدي محمد بن يوسف بن عمرو بن شعيب السنوسي الحسني [العقيدة الصغرى].</subfield>
   </datafield>
   <datafield ind1="1" ind2="2" tag="880">
      <subfield code="6">700-05/r</subfield>
      <subfield code="a">وتري، محمد بن رشيد،</subfield>
      <subfield code="d">-1263 or 1264.</subfield>
      <subfield code="t">قصيدة في مدح اشرف البرية.</subfield>
   </datafield>
   <datafield ind1="1" ind2="2" tag="880">
      <subfield code="6">700-06/r</subfield>
      <subfield code="a">بوصيري، شرف الدين محمد بن سعيد،</subfield>
      <subfield code="d">1213؟1296؟</subfield>
      <subfield code="t">Selections.</subfield>
      <subfield code="f">1890.</subfield>
   </datafield>
   <datafield ind1="1" ind2="2" tag="880">
      <subfield code="6">700-07/r</subfield>
      <subfield code="a">گنون، محمد التهامي.</subfield>
      <subfield code="t">Selections.</subfield>
      <subfield code="f">1890.</subfield>
   </datafield>
   <datafield ind1="1" ind2="2" tag="880">
      <subfield code="6">700-08/r</subfield>
      <subfield code="a">سنوسي، محمد بن يوسف،</subfield>
      <subfield code="d">approximately 1427-approximately 1490.</subfield>
      <subfield code="t">عقيدة الصغرى.</subfield>
   </datafield>
   <datafield ind1="0" ind2=" " tag="880">
      <subfield code="6">740-09/r</subfield>
      <subfield code="a">قصيدة في مدح اشرف البرية.</subfield>
   </datafield>
   <datafield ind1="0" ind2=" " tag="880">
      <subfield code="6">740-10/r</subfield>
      <subfield code="a">عقيدة الصغرى.</subfield>
   </datafield>
   <datafield ind1="4" ind2=" " tag="856">
      <subfield code="u">http://hdl.handle.net/2027/njp.32101077797304</subfield>
   </datafield>
   <datafield ind1=" " ind2=" " tag="948">
      <subfield code="a">jeb</subfield>
   </datafield>
   <datafield ind1=" " ind2=" " tag="911">
      <subfield code="a">20000309</subfield>
   </datafield>
   <datafield ind1=" " ind2=" " tag="912">
      <subfield code="a">20000309042214.0</subfield>
   </datafield>
   <datafield ind1=" " ind2=" " tag="994">
      <subfield code="a">C0</subfield>
      <subfield code="b">PUL</subfield>
   </datafield>
   <datafield ind1=" " ind2=" " tag="999">
      <subfield code="a">2843736</subfield>
   </datafield>
   <datafield ind1=" " ind2=" " tag="979">
      <subfield code="a">(OCoLC)ocn178208791</subfield>
   </datafield>
   <datafield ind1="8" ind2="0" tag="852">
      <subfield code="0">3156552</subfield>
      <subfield code="b">rcppa</subfield>
      <subfield code="t">1</subfield>
      <subfield code="h">2276.9458.374 1890</subfield>
      <subfield code="x">tr fr f</subfield>
   </datafield>
   <datafield ind1="8" ind2=" " tag="852">
      <subfield code="0">8753365</subfield>
      <subfield code="b">elf1</subfield>
      <subfield code="h">Electronic Resource</subfield>
   </datafield>
   <datafield ind1=" " ind2=" " tag="959">
      <subfield code="a">2000-06-08 00:00:00 -0400</subfield>
   </datafield>
</record>
